<?xml version="1.0" encoding="UTF-8"?><record xmlns="http://www.loc.gov/MARC21/slim" xmlns:cinclude="http://apache.org/cocoon/include/1.0" xmlns:zs="http://www.loc.gov/zing/srw/">
  <leader>00427cz  a2200133n  4500</leader>
  <controlfield tag="001">n  87125393 </controlfield>
  <controlfield tag="003">DLC</controlfield>
  <controlfield tag="005">20080414075459.0</controlfield>
  <controlfield tag="008">870904n| acannaabn          |n aaa     c</controlfield>
  <datafield tag="010" ind1=" " ind2=" ">
    <subfield code="a">n  87125393 </subfield>
  </datafield>
  <datafield tag="035" ind1=" " ind2=" ">
    <subfield code="a">(OCoLC)oca01935366</subfield>
  </datafield>
  <datafield tag="040" ind1=" " ind2=" ">
    <subfield code="a">ICU</subfield>
    <subfield code="b">eng</subfield>
    <subfield code="c">ICU</subfield>
    <subfield code="d">OCoLC</subfield>
  </datafield>
  <datafield tag="100" ind1="1" ind2=" ">
    <subfield code="a">Moritzi, Alexander,</subfield>
    <subfield code="d">1806-1850</subfield>
  </datafield>
  <datafield tag="670" ind1=" " ind2=" ">
    <subfield code="a">LCCN 29-2196: His Die pflanzen der Schweiz, 1832</subfield>
    <subfield code="b">(hdg.: Moritzi, Alexander, 1806-1850; usage: Alexander Moritzi)</subfield>
  </datafield>
</record>